@article{7458761,
  author={Ebert, Christof and Gallardo, Gorka and Hernantes, Josune and Serrano, Nicolas},
  journal={IEEE Software},
  title={DevOps},
  year={2016},
  volume={33},
  number={3},
  pages={94-100},
  keywords={Java;Monitoring;Cloud computing;DSL;Automation;Production;DevOps;apache Ant;Maven;Gradle;Jenkins;TeamCity;Bamboo;Puppet;Chef;Ansible;Logging;Loggly;Graylog2;Nagios;New Relic;Cacti;AWS;Amazon Web Services;microservices;continuous integration;configuration management;software development;software engineering},
  doi={10.1109/MS.2016.68}
}
@book{evans2004domain,
  title={Domain-driven design: tackling complexity in the heart of software},
  author={Evans, Eric},
  year={2004},
  publisher={Addison-Wesley Professional}
}
@inproceedings{project2021guide,
  title={A guide to the project management body of knowledge (PMBOK{\textregistered} guide)--Seventh edition and the standard for project management},
  author={Project Management Institute},
  year={2021},
  organization={Project Management Institute}
}
@BOOK{Peters20241,
	author = {Peters, Lawrence J.},
	title = {Software Project Management: Methods and Techniques},
	year = {2024},
	journal = {Software Project Management: Methods and Techniques},
	doi = {10.1201/9781003484288}
}
@inproceedings{project2017agile,
  title={Agile practice guide},
  author={Project Management Institute},
  year={2017},
  organization={Project Management Institute}
}
@book{wysocki2011effective,
  title={Effective project management: traditional, agile, extreme},
  author={Wysocki, Robert K},
  year={2011},
  publisher={John Wiley \& Sons}
}
@book{sliger2008software,
  title={The software project manager's bridge to agility},
  author={Sliger, Michele and Broderick, Stacia},
  year={2008},
  publisher={Addison-wesley professional}
}
@misc{beck2001agile,
  title={The agile manifesto},
  author={Beck, Kent and Beedle, Mike and Van Bennekum, Arie and Cockburn, Alistair and Cunningham, Ward and Fowler, Martin and Grenning, James and Highsmith, Jim and Hunt, Andrew and Jeffries, Ron and others},
  year={2001}
}
@article{natis2019innovation,
  title={Innovation insight for packaged business capabilities and their role in the future composable enterprise},
  author={Natis, Yefim and Gaughan, Dennis and Oâ€™Neill, Mark and Lheureux, Benoit and Pezzini, Massimo},
  journal={Gartner},
  year={2019}
}
@article{burke2020top,
  title={Top strategic technology trends for 2021},
  author={Burke, Brian},
  journal={Gartner},
  year={2020}
}